<?xml version="1.0" encoding="UTF-8"?><collection xmlns="http://www.loc.gov/MARC21/slim"><record><leader>00407nam--2200133-i-4500</leader><controlfield tag="001">000009850</controlfield><controlfield tag="002">20161230</controlfield><controlfield tag="005">20161230201028</controlfield><controlfield tag="008">060222s1000------------r-----000-0-eng-d</controlfield><datafield ind1=" " ind2=" " tag="100"><subfield code="a">Coussemant, F., Hellin, M.Et Torck, B</subfield></datafield><datafield ind1=" " ind2=" " tag="245"><subfield code="a">Les fonctions d acidite et leurs utilisations en catalyse acido-basique</subfield></datafield><datafield ind1=" " ind2=" " tag="260"><subfield code="a">Paris, Gordon And Breach, 1969</subfield></datafield><datafield ind1=" " ind2=" " tag="490"><subfield code="a">Cours Et Documents De Chimie</subfield></datafield><datafield ind1=" " ind2=" " tag="852"><subfield code="a">541.128</subfield></datafield></record></collection>